@misc{rebatefeeml,
  author = {Mark Friedenbach},
  title = {Rebatable fees \& incentive-safe fee markets},
  howpublished = {Bitcoin Protocol Discussion \url{https://lists.linuxfoundation.org/pipermail/bitcoin-dev/2017-September/015093.html}},
  note = {29 September 2017}
}

@article{rebatefeehf,
  author    = {Ron Lavi and
               Or Sattath and
               Aviv Zohar},
  title     = {Redesigning Bitcoin's fee market},
  journal   = {CoRR},
  volume    = {abs/1709.08881},
  year      = {2017},
  url       = {http://arxiv.org/abs/1709.08881},
  archivePrefix = {arXiv},
  eprint    = {1709.08881},
  timestamp = {Mon, 13 Aug 2018 16:49:09 +0200},
  biburl    = {https://dblp.org/rec/bib/journals/corr/abs-1709-08881},
  bibsource = {dblp computer science bibliography, https://dblp.org}
}
